@article{Zhang:14,
author = {Yaxin Zhang and Shen Qiao and Linlin Sun and Qi Wu Shi and Wanxia Huang and Ling Li and Ziqiang Yang},
journal = {Opt. Express},
keywords = {Modulators; Metamaterials; Spectroscopy, teraherz ; Thin film devices and applications},
number = {9},
pages = {11070--11078},
publisher = {OSA},
title = {Photoinduced active terahertz metamaterials with nanostructured vanadium dioxide film deposited by sol-gel method},
volume = {22},
month = {May},
year = {2014},
url = {http://www.opticsexpress.org/abstract.cfm?URI=oe-22-9-11070},
doi = {10.1364/OE.22.011070},
}

@misc{OSA,
author = {{Optical Society}},
title = {{OSA Publishing}},
howpublished = {\url{http://www.osapublishing.org}},
}

@INCOLLECTION{FORSTER2007,
author={P Forster and V Ramaswamy and P Artaxo and T Bernsten and R Betts and D Fahey and J Haywood and J Lean and D Lowe and G Myhre and J Nganga and R Prinn and G Raga and M Schulz and R V Dorland},
title={Changes in atmospheric consituents and in radiative forcing},
booktitle={Climate Change 2007: The Physical Science Basis. Contribution of Working Group 1 to the Fourth assesment report of Intergovernmental Panel on Climate Change},
editor={S Solomon and D Qin and M Manning and Z Chen and M Marquis and K B Averyt and M Tignor and H L Miler},
year={2007},
publisher={Cambridge University Press}
}